@misc{goodreads:webiste,
  title = "{goodreads}",
  year = "2014",
  howpublished = "\url{http://http://goodreads.com}",
  note = "[goodreads.com - Homepage]"
}

@misc{goodreads:aboutus,
  title = "{goodreads - About us}",
  year = "2012",
  howpublished = "\url{https://www.goodreads.com/about/us}",
}

@misc{goodreads:api,
  title = "{goodreads - APIs documentation}",
  howpublished = "\url{https://www.goodreads.com/api}",
}

@misc{flixter,
  title = "{Flixter}",
  year = "2007",
  howpublished = "\url{https://www.flixter.com}",
}

@misc{stanford:goodreads,
  title = "{Book Recommendations on GoodReads.com}",
  year = "2008",
  howpublished = "\url{http://cs229.stanford.edu/proj2008/IsaacsonSebastian-GoodReadsRecommendations.pdf}",
}



